<?xml version="1.0" encoding="UTF-8"?>
<collection xmlns:xsi="http://www.w3.org/2001/XMLSchema-instance" xsi:schemaLocation="http://www.loc.gov/MARC21/slim http://www.loc.gov/standards/marcxml/schema/MARC21slim.xsd" xmlns="http://www.loc.gov/MARC21/slim">
<record>
  <leader>00826cam a22002171i 4500</leader>
  <controlfield tag="001">2979335</controlfield>
  <controlfield tag="003">NNC</controlfield>
  <controlfield tag="005">20150817132336.0</controlfield>
  <controlfield tag="008">010222s1899    ua            000 0 ara d</controlfield>
  <datafield tag="035" ind1=" " ind2=" ">
    <subfield code="a">(OCoLC)ocm46239561</subfield>
  </datafield>
  <datafield tag="035" ind1=" " ind2=" ">
    <subfield code="9">ASM6405CU</subfield>
  </datafield>
  <datafield tag="035" ind1=" " ind2=" ">
    <subfield code="a">(NNC)2979335</subfield>
  </datafield>
  <datafield tag="040" ind1=" " ind2=" ">
    <subfield code="a">ZCU</subfield>
    <subfield code="c">ZCU</subfield>
  </datafield>
  <datafield tag="090" ind1=" " ind2=" ">
    <subfield code="a">PJ6121</subfield>
    <subfield code="b">.D54</subfield>
  </datafield>
  <datafield tag="100" ind1="1" ind2=" ">
    <subfield code="a">Dimyāṭī, Aḥmad ibn Muḥammad,</subfield>
    <subfield code="d">-1705.</subfield>
  </datafield>
  <datafield tag="245" ind1="1" ind2="0">
    <subfield code="a">Kitāb Ithāf fuḍalāʾ al-bashar fī al-qirāʾāt al-arbaʻat ʻashar /</subfield>
    <subfield code="c">Aḥmad ibn Muḥammad ibn Aḥmad ibn Muḥammad ibn ʻAbd al-Ghanī al-Dimyātī al-shahīr bi al-Bannāʾ.</subfield>
  </datafield>
  <datafield tag="246" ind1="3" ind2="0">
    <subfield code="a">Itḥāf fudalāʾ al-bashar fī al-qirāʾāt al-arbaʻat ʻashar</subfield>
  </datafield>
  <datafield tag="260" ind1=" " ind2=" ">
    <subfield code="a">Miṣr :</subfield>
    <subfield code="b">al-Maṭbaʻah al-Maymanīyah,</subfield>
    <subfield code="c">1317 [1899]</subfield>
  </datafield>
  <datafield tag="300" ind1=" " ind2=" ">
    <subfield code="a">281, 2 p. ;</subfield>
    <subfield code="c">28 cm.</subfield>
  </datafield>
  <datafield tag="630" ind1="0" ind2="0">
    <subfield code="a">Qurʼan</subfield>
    <subfield code="x">Recitation.</subfield>
  </datafield>
  <datafield tag="955" ind1=" " ind2=" ">
    <subfield code="b">0036760005</subfield>
    <subfield code="d">glx</subfield>
    <subfield code="e">PJ6121 .D54</subfield>
  </datafield>
</record>
</collection>